@book{erp,
  title     = {Modern ERP: Select, Implement, and Use Today's Advanced Business Systems},
  publisher = {Lightning Source Inc.},
  author    = {Marianne Bradford},
  year      = {2020}
}

@misc{web_application,
  author = {ClickIt},
  title  = {Web Application Architecture: The Latest Guide},
  url    = {https://www.clickittech.com/devops/web-application-architecture/},
  year   = {2022}
}

@misc{erp_market,
  author = {Allied Market Research},
  title  = {Enterprise Resource Planning (ERP) Market},
  url    = {https://www.alliedmarketresearch.com/ERP-market},
  year   = {2022}
}

@misc{erp_competitor_1,
  author = {Jim O'Donnell},
  title  = {Experts predict flexibility as a top ERP trend in 2022},
  url    = {https://www.techtarget.com/searcherp/feature/Experts-predict-flexibility-as-a-top-ERP-trend},
  year   = {2022}
}

@misc{erp_competitor_2,
  author = {David Luther},
  title  = {8 ERP Trends for 2023 and The Future of ERP},
  url    = {https://www.netsuite.com/portal/resource/articles/erp/erp-trends.shtml},
  year   = {2023}
}

@misc{erp_research,
  author = {ERP Research},
  title  = {Independently Compare ERP Systems and ERP Consulting},
  url    = {https://www.erpresearch.com/},
  year   = {2023}
}

@article{nist,
  title     = {The NIST Definition of Cloud Computing (Technical report)},
  author    = {Peter M. Mell, Timothy Grance},
  journal   = {Special Publication 800-145},
  year      = {2011},
  publisher = {National Institute of Standards and Technology}
}

@misc{cloud_amazon,
  author = {Amazon},
  title  = {What is Cloud Computing?},
  url    = {https://aws.amazon.com/what-is-cloud-computing/?nc1=h_ls},
  year   = {2023}
}

@misc{cloud_google,
  author = {Google},
  title  = {What is Cloud Computing?},
  url    = {https://cloud.google.com/learn/what-is-cloud-computing?hl=en},
  year   = {2023}
}

@misc{cloud_azure,
  author = {Microsoft},
  title  = {What is Cloud Computing?},
  url    = {https://azure.microsoft.com/en-us/resources/cloud-computing-dictionary/what-is-cloud-computing/},
  year   = {2023}
}

@misc{cloud_models,
  author = {Joy Joel},
  title  = {An Introduction to Cloud Computing, Cloud Service Models, and Cloud Deployment Models},
  url    = {https://aws.plainenglish.io/cloud-computing-intro-cloud-service-models-cloud-deployment-models-e013872064a4},
  year   = {2021}
}

@book{microservices_book,
  title     = {Building Microservices: Designing Fine-Grained Systems},
  publisher = {Oreilly \& Associates Inc.},
  author    = {Sam Newman},
  year      = {2021}
}

@book{ddd_book,
  title     = {Domain-Driven Design: Tackling Complexity in the Heart of Software},
  publisher = {Addison-Wesley Professional},
  author    = {Eric Evans},
  year      = {2004}
}

@article{microservices_model_1,
  title     = {On the Criteria to Be Used in Decomposing Systems into Modules},
  author    = {David Parnas},
  journal   = {Journal contribution},
  year      = {1971},
  publisher = {Carnegie Mellon University}
}

@article{microservices_model_2,
  title     = {Information distribution aspects of design methodology},
  author    = {David Parnas},
  journal   = {Journal contribution},
  year      = {1972},
  publisher = {Carnegie Mellon University}
}

@misc{microservices_gitlab,
  author = {Gitlab},
  title  = {What are the benefits of a microservices architecture?},
  url    = {https://about.gitlab.com/blog/2022/09/29/what-are-the-benefits-of-a-microservices-architecture/},
  year   = {2022}
}

@misc{microservice_example,
  author = {Elegberun Olugbenga},
  title  = {Netflix System Design- Backend Architecture},
  url    = {https://dev.to/gbengelebs/netflix-system-design-backend-architecture-10i3},
  year   = {2021}
}

@misc{microservice_example_image,
  author = {Ketan Varshneya},
  title  = {Understanding design of microservices architecture at Netflix},
  url    = {https://www.techaheadcorp.com/blog/design-of-microservices-architecture-at-netflix/},
  year   = {2021}
}

@misc{microservice_acid,
  author = {GeeksforGeeks},
  title  = {ACID Properties in DBMS},
  url    = {https://www.geeksforgeeks.org/acid-properties-in-dbms/},
  year   = {2023}
}

@misc{top_cloud_vendors,
  author = {Recro},
  title  = {Top 5 Cloud Service Providers: A Comparison},
  url    = {https://recro.io/blog/top-5-cloud-service-providers/},
  year   = {2019}
}

@misc{market_cloud_vendors,
  author = {Felix Richter},
  title  = {Amazon Maintains Lead in the Cloud Market},
  url    = {https://www.statista.com/chart/18819/worldwide-market-share-of-leading-cloud-infrastructure-service-providers/},
  year   = {2023}
}

@misc{market_cloud_computing,
  author = {Grand View Research},
  title  = {Cloud Computing Market Size, Share and Trends Analysis Report By Service, By Deployment, By Enterprise Size, By End-use, By Region, And Segment Forecasts},
  url    = {https://www.grandviewresearch.com/industry-analysis/cloud-computing-industry},
  year   = {2023}
}

@misc{monoliths_avenga,
  author = {Avenga},
  title  = {Microservices vs. Monoliths: which architecture will be best for your product?},
  url    = {https://www.avenga.com/magazine/microservices-vs-monoliths/},
  year   = {2022}
}

@misc{monoliths_medium,
  author = {Taufiq Hidayat},
  title  = {Microservice Versus Monolithic Architecture. What Are They?},
  url    = {https://medium.com/javanlabs/micro-services-versus-monolithic-architecture-what-are-they-e17ddc8d3910},
  year   = {2020}
}

@misc{2pc_1,
  author = {James Kwon},
  title  = {What is Two Phase Commit in Distributed Transaction?},
  url    = {https://hongilkwon.medium.com/when-to-use-two-phase-commit-in-distributed-transaction-f1296b8c23fd},
  year   = {2022}
}

@misc{2pc_2,
  author = {Keyang Xiang},
  title  = {Patterns for distributed transactions within a microservices architecture},
  url    = {https://developers.redhat.com/blog/2018/10/01/patterns-for-distributed-transactions-within-a-microservices-architecture},
  year   = {2018}
}

@misc{2pc_3,
  author = {Animesh Gaitonde},
  title  = {Distributed Transactions \& Two-phase Commit},
  url    = {https://medium.com/geekculture/distributed-transactions-two-phase-commit-c82752d69324},
  year   = {2021}
}

@misc{ms_sagas,
  author = {Microsoft},
  title  = {Saga distributed transactions pattern},
  url    = {https://learn.microsoft.com/en-us/azure/architecture/reference-architectures/saga/saga},
  year   = {2023}
}

@misc{io_sagas,
  author = {Chris Richardson},
  title  = {Pattern: Saga},
  url    = {https://microservices.io/patterns/data/saga.html},
  year   = {2023}
}

@misc{event_1,
  author = {Solace},
  title  = {The Complete Guide to Event-Driven Architecture},
  url    = {https://solace.com/what-is-event-driven-architecture/},
  year   = {2023}
}

@misc{event_2,
  author = {Amazon},
  title  = {What is an Event-Driven Architecture?},
  url    = {https://aws.amazon.com/event-driven-architecture/?nc1=h_ls},
  year   = {2023}
}

@misc{event_3,
  author = {Microsoft},
  title  = {Event-driven architecture style},
  url    = {https://learn.microsoft.com/en-us/azure/architecture/guide/architecture-styles/event-driven},
  year   = {2023}
}

@misc{event_4,
  author = {adservio},
  title  = {Event-Driven Architecture},
  url    = {https://www.adservio.fr/post/event-driven-architecture},
  year   = {2022}
}

@misc{event_5,
  author = {David Boyne},
  title  = {INSIDE EVENT-DRIVEN ARCHITECTURES},
  url    = {https://serverlessland.com/event-driven-architecture/visuals/inside-event-driven-architectures},
  year   = {2023}
}

@misc{event_6,
  author = {Stephen Roddewig},
  title  = {What Is Event-Driven Architecture? Everything You Need to Know},
  url    = {https://blog.hubspot.com/website/event-driven-architecture},
  year   = {2023}
}

@book{event_book,
  title     = {Building Event-Driven Microservices},
  publisher = {Oreilly \& Associates Inc.},
  author    = {Adam Bellemare},
  year      = {2020}
}

@misc{serverless_1,
  author = {Amazon},
  title  = {Serverless on AWS},
  url    = {https://aws.amazon.com/serverless/?nc1=h_ls},
  year   = {2023}
}

@misc{serverless_2,
  author = {Jerry Wallis},
  title  = {6 Serverless Computing Benefits And Drawbacks To Help Decide If It’s Right For You},
  url    = {https://intuji.com/serverless-computing-benefits-and-drawbacks/},
  year   = {2023}
}

@misc{serverless_3,
  author = {Grace Lau},
  title  = {Serverless Computing: The Advantages and Disadvantages},
  url    = {https://www.codemotion.com/magazine/devops/cloud/serverless-computing-the-advantages-and-disadvantages/},
  year   = {2023}
}

@misc{serverless_4,
  author = {Sanad Mohamed},
  title  = {Pros and Cons of Serverless},
  url    = {https://www.linkedin.com/pulse/pros-cons-serverless-sanad-mohamed-mba-aws/},
  year   = {2023}
}

@misc{serverless_5,
  author = {Codemotion},
  title  = {Green Cloud Computing Strategies and Best Practices},
  url    = {https://www.codemotion.com/magazine/devops/cloud/green-cloud-computing-strategies-and-best-practices/},
  year   = {2022}
}

@misc{serverless_6,
  author = {Expert Market Research},
  title  = {Global Serverless Computing Market Outlook},
  url    = {https://www.expertmarketresearch.com/reports/serverless-computing-market},
  year   = {2023}
}

@misc{serverless_7,
  author = {R. Magoulas, C. Guzikowski},
  title  = {O’Reilly serverless survey 2019: Concerns, what works, and what to expect},
  url    = {https://www.oreilly.com/radar/oreilly-serverless-survey-2019-concerns-what-works-and-what-to-expect/},
  year   = {2019}
}

@article{serverless_8,
  title     = {Be Wary of the Economics of "Serverless" Cloud Computing},
  author    = {Adam Eivy, Joe Weinman},
  journal   = {IEEE Cloud Computing},
  year      = {2017},
  publisher = {IEEE}
}

%%% NON USATO

% misc{2pc_1,
%   author = {},
%   title  = {},
%   url    = {},
%   year   = {}
% }

% article{economic_serverless,
%   title     = {Be Wary of the Economics of "Serverless" Cloud Computing},
%   author    = {Adam Eivy, Joe Weinman},
%   journal   = {IEEE Cloud Computing},
%   volume    = {4},
%   number    = {2},
%   pages     = {6--12},
%   year      = {2017},
%   publisher = {IEEE}
% }

% misc{gocloud,
%   author = {Google},
%   title  = {Go Cloud Development Kit Documentation},
%   url    = {https://gocloud.dev/},
%   year   = {2018}
% }

% misc{dimarco,
%   author = {Di Marco, P},
%   title  = {Lo strato limite laminare},
%   note   = {Termofluidodinamica Appl. - lecture notes}
% }